
@article{radler2014,
	title = {The {Midlife} in the {United} {States} ({MIDUS}) {Series}: {A} {National} {Longitudinal} {Study} of {Health} and {Well}-being},
	volume = {2},
	issn = {2054-7102},
	shorttitle = {The {Midlife} in the {United} {States} ({MIDUS}) {Series}},
	url = {http://openhealthdata.metajnl.com/articles/10.5334/ohd.ai/},
	doi = {10.5334/ohd.ai},
	language = {en},
	number = {1},
	urldate = {2023-03-16},
	journal = {Open Health Data},
	author = {Radler, Barry T},
	month = sep,
	year = {2014}
}

@article{tse2011,
	title = {The relationship between personality, social functioning, and depression: {A} structural equation modeling analysis},
	volume = {46},
	issn = {0020-7594, 1464-066X},
	shorttitle = {The relationship between personality, social functioning, and depression},
	url = {http://doi.wiley.com/10.1080/00207594.2011.554553},
	doi = {10.1080/00207594.2011.554553},
	language = {en},
	number = {3},
	urldate = {2023-03-15},
	journal = {International Journal of Psychology},
	author = {Tse, Wai S. and Rochelle, Tina L. and Cheung, Jacky C. K.},
	month = jun,
	year = {2011},
	pages = {234--240}
}

